<?xml version="1.0" encoding="UTF-8"?>
<record xmlns="http://www.loc.gov/MARC21/slim" xmlns:xsi="http://www.w3.org/2001/XMLSchema-instance" xsi:schemaLocation="http://www.loc.gov/MARC21/slim http://www.loc.gov/standards/marcxml/schema/MARC21slim.xsd">
<leader>     cam a2200349 a 4500</leader>
<controlfield tag="001">001701340</controlfield>
<controlfield tag="003">NNU</controlfield>
<controlfield tag="005">20061010173347.0</controlfield>
<controlfield tag="008">991011s1935    ua a     b    000 0 ara d</controlfield>
<datafield tag="035" ind1="9" ind2=" ">
<subfield code="a">NYUb12249958</subfield>
</datafield>
<datafield tag="035" ind1=" " ind2=" ">
<subfield code="a">(NNU)NYUb12249958</subfield>
</datafield>
<datafield tag="040" ind1=" " ind2=" ">
<subfield code="a">WaU</subfield>
<subfield code="c">WaU</subfield>
<subfield code="d">NNU</subfield>
<subfield code="d">UaCaAUL</subfield>
</datafield>
<datafield tag="041" ind1="0" ind2=" ">
<subfield code="a">ara</subfield>
<subfield code="b">fre</subfield>
</datafield>
<datafield tag="066" ind1=" " ind2=" ">
<subfield code="c">(3</subfield>
<subfield code="c">(4</subfield>
</datafield>
<datafield tag="090" ind1=" " ind2=" ">
<subfield code="a">QD25</subfield>
<subfield code="b">.J35 1935</subfield>
</datafield>
<datafield tag="100" ind1="0" ind2=" ">
<subfield code="6">880-01</subfield>
<subfield code="a">Jābir ibn Ḥayyān.</subfield>
</datafield>
<datafield tag="245" ind1="1" ind2="0">
<subfield code="6">880-02</subfield>
<subfield code="a">Mukhtār rasāʼil Jābir ibn Ḥayyān /</subfield>
<subfield code="c">ʻuniya bi-taṣḥīḥihā wa-nashrihā P. Karāwus.</subfield>
</datafield>
<datafield tag="246" ind1="1" ind2="5">
<subfield code="a">Essai sur l'histoire des idées scientifiques dans l'Islam</subfield>
</datafield>
<datafield tag="260" ind1=" " ind2=" ">
<subfield code="6">880-03</subfield>
<subfield code="a">al-Qāhirah :</subfield>
<subfield code="b">al-Khānjī,</subfield>
<subfield code="c">1354 [1935]</subfield>
</datafield>
<datafield tag="300" ind1=" " ind2=" ">
<subfield code="a">556, 7p. :</subfield>
<subfield code="b">ill. ;</subfield>
<subfield code="c">25 cm.</subfield>
</datafield>
<datafield tag="505" ind1=" " ind2=" ">
<subfield code="a">1. Textes choisis</subfield>
</datafield>
<datafield tag="500" ind1=" " ind2=" ">
<subfield code="a">Introd. in French.</subfield>
</datafield>
<datafield tag="500" ind1=" " ind2=" ">
<subfield code="a">Title on added t.p. :Jābir ibn Ḥayyān: essai sur l'histoir des idees scientifiques dans l'islam. vol.1: textes choisis, edites par paul kraus.</subfield>
</datafield>
<datafield tag="546" ind1=" " ind2=" ">
<subfield code="a">Introd. in French.</subfield>
</datafield>
<datafield tag="500" ind1=" " ind2=" ">
<subfield code="a">No more published?</subfield>
</datafield>
<datafield tag="650" ind1=" " ind2="0">
<subfield code="a">Alchemy.</subfield>
</datafield>
<datafield tag="650" ind1=" " ind2="0">
<subfield code="a">Science, Medieval.</subfield>
</datafield>
<datafield tag="700" ind1="1" ind2=" ">
<subfield code="6">880-04</subfield>
<subfield code="a">Kraus, Paul,</subfield>
<subfield code="d">1904-1944.</subfield>
</datafield>
<datafield tag="880" ind1="0" ind2=" ">
<subfield code="6">100-01/</subfield>
<subfield code="a">جابر بن حيان.</subfield>
</datafield>
<datafield tag="880" ind1="1" ind2="0">
<subfield code="6">245-02/</subfield>
<subfield code="a">مختار رسائل جابر بن حيان /</subfield>
<subfield code="c">عنى بتصحيحها ونشرها �. كراوس.</subfield>
</datafield>
<datafield tag="880" ind1=" " ind2=" ">
<subfield code="6">260-03/</subfield>
<subfield code="a">القاهرة :</subfield>
<subfield code="b">الخانجى</subfield>
<subfield code="c">1354 ]1935[</subfield>
</datafield>
<datafield tag="880" ind1="1" ind2=" ">
<subfield code="6">700-04/</subfield>
<subfield code="a">كراوس، بول،</subfield>
<subfield code="d">1904-1944.</subfield>
</datafield>
<datafield tag="OWN" ind1=" " ind2=" ">
<subfield code="a">GENERAL</subfield>
</datafield>
<datafield tag="998" ind1=" " ind2=" ">
<subfield code="a">20010828</subfield>
<subfield code="d">20010429</subfield>
<subfield code="d">20021006</subfield>
<subfield code="n">NNU</subfield>
<subfield code="s">1</subfield>
<subfield code="t">c</subfield>
<subfield code="z">e</subfield>
</datafield>
<datafield tag="AVA" ind1=" " ind2=" ">
<subfield code="a">NYU50</subfield>
<subfield code="b">BOBST</subfield>
<subfield code="c">Main Collection</subfield>
<subfield code="d">QD25 .J35 1935</subfield>
<subfield code="e">unavailable</subfield>
<subfield code="t">Unavailable</subfield>
<subfield code="f">1</subfield>
<subfield code="g">1</subfield>
<subfield code="h">N</subfield>
<subfield code="i">4</subfield>
<subfield code="j">MAIN</subfield>
<subfield code="k">0</subfield>
</datafield>
</record>
